[gd_scene load_steps=17 format=2]

[ext_resource path="res://scenes/Character.tscn" type="PackedScene" id=1]
[ext_resource path="res://scripts/Controllers/Player_Controller.gd" type="Script" id=2]
[ext_resource path="res://scripts/Player-only/PlayerInput.gd" type="Script" id=3]
[ext_resource path="res://animations/Idle.anim" type="Animation" id=4]
[ext_resource path="res://animations/Run.anim" type="Animation" id=5]
[ext_resource path="res://scenes/Hurtbox.tscn" type="PackedScene" id=6]
[ext_resource path="res://scenes/PlayerPowers.gd" type="Script" id=7]
[ext_resource path="res://scenes/Hitbox.tscn" type="PackedScene" id=8]
[ext_resource path="res://scenes/Components/Brain.tscn" type="PackedScene" id=9]
[ext_resource path="res://scripts/Controllers/Interactor.gd" type="Script" id=10]
[ext_resource path="res://scenes/Laser.tscn" type="PackedScene" id=11]

[sub_resource type="RectangleShape2D" id=1]
extents = Vector2( 4.0778, 3.70284 )

[sub_resource type="Animation" id=4]
resource_name = "PlayerIdle"
length = 0.4
loop = true
tracks/0/type = "value"
tracks/0/path = NodePath("Main_Sprite:frame")
tracks/0/interp = 1
tracks/0/loop_wrap = true
tracks/0/imported = false
tracks/0/enabled = true
tracks/0/keys = {
"times": PoolRealArray( 0, 0.1, 0.2, 0.3 ),
"transitions": PoolRealArray( 1, 1, 1, 1 ),
"update": 1,
"values": [ 0, 1, 2, 3 ]
}

[sub_resource type="Animation" id=5]
resource_name = "PlayerRun"
length = 0.4
loop = true
tracks/0/type = "value"
tracks/0/path = NodePath("Main_Sprite:frame")
tracks/0/interp = 1
tracks/0/loop_wrap = true
tracks/0/imported = false
tracks/0/enabled = true
tracks/0/keys = {
"times": PoolRealArray( 0, 0.1, 0.2, 0.3 ),
"transitions": PoolRealArray( 1, 1, 1, 1 ),
"update": 1,
"values": [ 4, 5, 6, 7 ]
}

[sub_resource type="CapsuleShape2D" id=2]
radius = 6.0
height = 4.0

[sub_resource type="CapsuleShape2D" id=3]
radius = 6.0
height = 2.0

[node name="Player" instance=ExtResource( 1 )]
collision_layer = 2
collision_mask = 513
script = ExtResource( 2 )

[node name="CollisionShape2D" type="CollisionShape2D" parent="." index="0"]
position = Vector2( 0, 4 )
shape = SubResource( 1 )

[node name="Main_Sprite" parent="." index="1"]
frame = 7

[node name="Occlusion_Ray" parent="." index="2"]
cast_to = Vector2( 0, -16 )

[node name="AnimationPlayer" parent="." index="3"]
playback_speed = 0.8
anims/Idle = ExtResource( 4 )
anims/PlayerIdle = SubResource( 4 )
anims/PlayerRun = SubResource( 5 )
anims/Run = ExtResource( 5 )

[node name="PlayerInput" type="Node2D" parent="." index="4"]
script = ExtResource( 3 )

[node name="Hurtbox" parent="." index="5" instance=ExtResource( 6 )]
monitorable = true
collision_layer = 4
collision_mask = 2048

[node name="CollisionShape2D" type="CollisionShape2D" parent="Hurtbox" index="0"]
shape = SubResource( 2 )

[node name="Powers" type="Node2D" parent="." index="6"]
script = ExtResource( 7 )
max_dist = 232.0

[node name="Targeting_Ray" type="RayCast2D" parent="." index="7"]
collision_mask = 1536

[node name="Brain" parent="." index="8" instance=ExtResource( 9 )]

[node name="Hitbox" parent="." index="9" instance=ExtResource( 8 )]

[node name="CollisionShape2D" type="CollisionShape2D" parent="Hitbox" index="0"]
shape = SubResource( 3 )

[node name="Interactor" type="Node2D" parent="." index="10"]
script = ExtResource( 10 )

[node name="Movement" parent="." index="11"]
max_speed = 120.0
acceleration = 500.0

[node name="Laser" parent="." index="12" instance=ExtResource( 11 )]
visible = false

[editable path="Hurtbox"]

[editable path="Hitbox"]
