[gd_scene load_steps=3 format=2]

[ext_resource path="res://scenes/UI/UI_Panel.tscn" type="PackedScene" id=1]
[ext_resource path="res://assets/Light_bulb.png" type="Texture" id=2]

[node name="Dispenser_UI" type="HBoxContainer"]
margin_right = 54.0
margin_bottom = 54.0
__meta__ = {
"_edit_use_anchors_": false
}

[node name="UI_Panel" parent="." instance=ExtResource( 1 )]
margin_right = 54.0
margin_bottom = 54.0
size_flags_horizontal = 3

[node name="Contents" type="VBoxContainer" parent="UI_Panel"]
anchor_right = 1.0
anchor_bottom = 1.0
margin_left = 6.0
margin_top = 8.0
margin_right = -6.0
margin_bottom = -8.0
__meta__ = {
"_edit_use_anchors_": false
}

[node name="Row_1" type="HBoxContainer" parent="UI_Panel/Contents"]
margin_right = 42.0
margin_bottom = 17.0
rect_min_size = Vector2( 0, 16 )
size_flags_vertical = 3
alignment = 1

[node name="Item_1" type="TextureButton" parent="UI_Panel/Contents/Row_1"]
margin_left = 3.0
margin_right = 19.0
margin_bottom = 17.0
rect_min_size = Vector2( 16, 0 )
texture_normal = ExtResource( 2 )

[node name="Item_2" type="TextureButton" parent="UI_Panel/Contents/Row_1"]
margin_left = 23.0
margin_right = 39.0
margin_bottom = 17.0
rect_min_size = Vector2( 16, 0 )
texture_normal = ExtResource( 2 )

[node name="Row_2" type="HBoxContainer" parent="UI_Panel/Contents"]
margin_top = 21.0
margin_right = 42.0
margin_bottom = 38.0
rect_min_size = Vector2( 0, 16 )
size_flags_vertical = 3
alignment = 1

[node name="Item_1" type="TextureButton" parent="UI_Panel/Contents/Row_2"]
margin_left = 3.0
margin_right = 19.0
margin_bottom = 17.0
rect_min_size = Vector2( 16, 0 )
texture_normal = ExtResource( 2 )

[node name="Item_2" type="TextureButton" parent="UI_Panel/Contents/Row_2"]
margin_left = 23.0
margin_right = 39.0
margin_bottom = 17.0
rect_min_size = Vector2( 16, 0 )
texture_normal = ExtResource( 2 )
